
@Misc{rfc_icmp,
    author = "Postel, J",
    title = "RFC2792",
    subtitle = "Internet Control Message Protocol",
    howpublished = "online",
    url = "http://tools.ietf.org/html/rfc792",
    cited = "2012-11-17",
    revised = "Září 1981"
}

@Misc{rfc_icmpv6,
    author = "Conta, A and Deering, S and Gupta, M",
    title = "RFC4443",
    subtitle = "Internet Control Message Protocol (ICMPv6)",
    howpublished = "online",
    url = "http://tools.ietf.org/html/rfc4443",
    cited = "2012-11-17",
    revised = "Březen 2006"
}

@Misc{rfc_pmtu,
    author = "Mogul, J and Deering, S",
    title = "RFC1191",
    subtitle = "Path MTU Discovery",
    howpublished = "online",
    url = "http://tools.ietf.org/html/rfc1191",
    cited = "2012-11-17",
    revised = "Listopad 1990"
}

@Misc{rfc_pmtuv6,
    author = "McCann, J and Deering, S and Mogul, J",
    title = "RFC1981",
    subtitle = "Path MTU Discovery for IP version 6",
    howpublished = "online",
    url = "http://tools.ietf.org/html/rfc1981",
    cited = "2012-11-17",
    revised = "Srpen 1996"
}

@Misc{rfc_pmtu_problem,
    author = "Lahley, K",
    title = "RFC2923",
    subtitle = "TCP Problems with Path MTU Discovery",
    howpublished = "online",
    url = "http://tools.ietf.org/html/rfc2923",
    cited = "2012-11-17",
    revised = "Září 2000"
}

@Misc{rfc_ip,
    title = "RFC791",
    subtitle = "Internet Protocol Darpa Internet Program 
        Protocol Specification",
    howpublished = "online",
    url = "http://tools.ietf.org/html/rfc791",
    cited = "2012-11-17",
    revised = "Září 1981"
}

@Misc{rfc_ipv6,
    author = "Deering, S and Hinden, K",
    title = "RFC2460",
    subtitle = "Internet Protocol Version 6 (IPv6) 
        Specification",
    howpublished = "online",
    url = "http://tools.ietf.org/html/rfc2460",
    cited = "2012-11-17",
    revised = "Prosinec 1981"
}

@MasterThesis{matematika_3,
	author = "Fajmon, B and Ruzickova, I",
	title = "Matematika 3",
	note = "[online], [cit. 2012-11-10]",
    type = "Studijni opora",
    address = "Brno",
    school = "Vysoké uční technické",
    year = "2005",
    pages = "255",
}

